@inproceedings{Julia2020,
author = {Wikipedia},
title = {{Julia (programming language}},
url = {https://en.wikipedia.org/wiki/Julia_(programming_language)},
year = {2020}
}

@inproceedings{Julia2020-2,
author = {Jeff Bezanson},
title = {{The Julia Programming language}},
url = {https://julialang.org/}
year = {2020}
}